@Misc{UPOS,
  author = 	 {Joakim Nivre, et al.},
  title = 	 {Universal POS Tags},
  howpublished = {Online. Url: http://universaldependencies.org/u/pos/.},
  month = 	 {March},
  year = 	 {2018},
  note = 	 {Accessed online March 4, 2018}
}

@Book{JurafskyMartin,
  author = 	 {Jurafsky, Daniel and Martin, James H.},
  title = 	 {Speech and Language Processing},
  subtitle =     {An Introduction to Natural Language Processing, Computational Linguistics, and Speech Recognition},
  year = 	 {2017},
  edition = 	 {3},
  note = 	 {Draft of August 28, 2017},
  pages =        {83-86,131-134}
}

